<?xml version="1.0" encoding="UTF-8"?>
<records xmlns="http://www.openarchives.org/OAI/2.0/">
  <record>
    <header>
      <identifier>oai:mst.rochester.edu:marcnormalization/131</identifier>
      <oldFileName>oai-mst.rochester.edu-MetadataServicesToolkit MARCNormalization 10130.xml</oldFileName>
    </header>
    <metadata>
      <marc:record xmlns:marc="http://www.loc.gov/MARC21/slim" xmlns:xsi="http://www.w3.org/2001/XMLSchema-instance" xsi:schemaLocation="http://www.loc.gov/MARC21/slim http://www.loc.gov/standards/marcxml/schema/MARC21slim.xsd">
        <marc:leader>02146nem a2200445Ia 4500</marc:leader>
        <marc:controlfield tag="001">3810683</marc:controlfield>
        <marc:controlfield tag="005">20080520162006.0</marc:controlfield>
        <marc:controlfield tag="007">aj canzn</marc:controlfield>
        <marc:controlfield tag="008">080320s2007    vauag  bh b  f  1   eng d</marc:controlfield>
        <marc:datafield tag="034" ind1="1" ind2=" ">
          <marc:subfield code="a">a</marc:subfield>
          <marc:subfield code="b">24000</marc:subfield>
          <marc:subfield code="d">W1120730</marc:subfield>
          <marc:subfield code="e">W1103000</marc:subfield>
          <marc:subfield code="f">N0343000</marc:subfield>
          <marc:subfield code="g">N0330730</marc:subfield>
        </marc:datafield>
        <marc:datafield tag="035" ind1=" " ind2=" ">
          <marc:subfield code="a">(OCoLC)213487976</marc:subfield>
        </marc:datafield>
        <marc:datafield tag="040" ind1=" " ind2=" ">
          <marc:subfield code="a">GPO</marc:subfield>
          <marc:subfield code="c">GPO</marc:subfield>
          <marc:subfield code="d">GPO</marc:subfield>
          <marc:subfield code="d">MvI</marc:subfield>
        </marc:datafield>
        <marc:datafield tag="043" ind1=" " ind2=" ">
          <marc:subfield code="a">n-us-az</marc:subfield>
        </marc:datafield>
        <marc:datafield tag="052" ind1=" " ind2=" ">
          <marc:subfield code="a">4332</marc:subfield>
          <marc:subfield code="b">T6</marc:subfield>
        </marc:datafield>
        <marc:datafield tag="052" ind1=" " ind2=" ">
          <marc:subfield code="a">4331</marc:subfield>
        </marc:datafield>
        <marc:datafield tag="074" ind1=" " ind2=" ">
          <marc:subfield code="a">0619-M-03</marc:subfield>
        </marc:datafield>
        <marc:datafield tag="086" ind1="0" ind2=" ">
          <marc:subfield code="a">I 19.81:T 62/2004/33110-E 5-E 8</marc:subfield>
        </marc:datafield>
        <marc:datafield tag="110" ind1="2" ind2=" ">
          <marc:subfield code="a">Geological Survey (U.S.)</marc:subfield>
        </marc:datafield>
        <marc:datafield tag="245" ind1="1" ind2="0">
          <marc:subfield code="a">[Tonto National Forest and other adjacent Forest Service areas] :</marc:subfield>
          <marc:subfield code="b">7.5  minute series (topographic /</marc:subfield>
          <marc:subfield code="c">produced by the United States Geological Survey ; revision by USDA Forest Service.</marc:subfield>
        </marc:datafield>
        <marc:datafield tag="246" ind1="3" ind2=" ">
          <marc:subfield code="a">Tonto National Forest, 7.5 minute series (topographic)</marc:subfield>
        </marc:datafield>
        <marc:datafield tag="246" ind1="3" ind2=" ">
          <marc:subfield code="a">Sevenmile Mountains quadrangle,  Arizona--Gila Co.</marc:subfield>
        </marc:datafield>
        <marc:datafield tag="246" ind1="3" ind2=" ">
          <marc:subfield code="a">Chrome Butte quadrangle,  Arizona--Gila Co.</marc:subfield>
        </marc:datafield>
        <marc:datafield tag="246" ind1="3" ind2=" ">
          <marc:subfield code="a">Rockinstraw Mountain quadrangle,  Arizona--Gila Co.</marc:subfield>
        </marc:datafield>
        <marc:datafield tag="246" ind1="3" ind2=" ">
          <marc:subfield code="a">Salt River Peak quadrangle,  Arizona--Gila Co.</marc:subfield>
        </marc:datafield>
        <marc:datafield tag="250" ind1=" " ind2=" ">
          <marc:subfield code="a">Rev. 2004.</marc:subfield>
        </marc:datafield>
        <marc:datafield tag="255" ind1=" " ind2=" ">
          <marc:subfield code="a">Scale 1:24,000 ;</marc:subfield>
          <marc:subfield code="b">universal transverse Mercator proj.</marc:subfield>
          <marc:subfield code="c">(W 112⁰07ʹ30ʺ--W 110⁰30ʹ00ʺ/N 34⁰30ʹ00ʺ--N 33⁰07ʹ30ʺ).</marc:subfield>
        </marc:datafield>
        <marc:datafield tag="260" ind1=" " ind2=" ">
          <marc:subfield code="a">[Reston, Va] :</marc:subfield>
          <marc:subfield code="b">U.S. Dept. ot the Interior, U.S. Geological Survey,</marc:subfield>
          <marc:subfield code="c">2007.</marc:subfield>
        </marc:datafield>
        <marc:datafield tag="300" ind1=" " ind2=" ">
          <marc:subfield code="a">4 maps :</marc:subfield>
          <marc:subfield code="b">col. ;</marc:subfield>
          <marc:subfield code="c">58 x 48 cm.</marc:subfield>
        </marc:datafield>
        <marc:datafield tag="500" ind1=" " ind2=" ">
          <marc:subfield code="a">Relief shown by contours and spot heights.</marc:subfield>
        </marc:datafield>
        <marc:datafield tag="500" ind1=" " ind2=" ">
          <marc:subfield code="a">Forest Service quadrangles are prepared by Forest Service cartographers at USGS for the use of National Forest Service Systems land managers and then distributed by USGS.</marc:subfield>
        </marc:datafield>
        <marc:datafield tag="500" ind1=" " ind2=" ">
          <marc:subfield code="a">Areas outside the National Forest Systems lands may not have been revised.</marc:subfield>
        </marc:datafield>
        <marc:datafield tag="505" ind1="0" ind2=" ">
          <marc:subfield code="a">33110-E 5. Sevenmile Mountains--E 6. Chrome Butte--E 7. Rockinstraw Mountain--E 8. Salt River Peak.</marc:subfield>
        </marc:datafield>
        <marc:datafield tag="500" ind1=" " ind2=" ">
          <marc:subfield code="a">Includes quadrangle location map and index to adjoining quadrangles on each sheet.</marc:subfield>
        </marc:datafield>
        <marc:datafield tag="651" ind1=" " ind2="0">
          <marc:subfield code="a">Tonto National Forest (Ariz.)</marc:subfield>
          <marc:subfield code="v">Maps.</marc:subfield>
        </marc:datafield>
        <marc:datafield tag="651" ind1=" " ind2="0">
          <marc:subfield code="a">Gila County (Ariz.)</marc:subfield>
          <marc:subfield code="v">Maps, Topographic.</marc:subfield>
        </marc:datafield>
        <marc:datafield tag="651" ind1=" " ind2="0">
          <marc:subfield code="a">Arizona</marc:subfield>
          <marc:subfield code="v">Maps, Topographic.</marc:subfield>
        </marc:datafield>
        <marc:datafield tag="710" ind1="1" ind2=" ">
          <marc:subfield code="a">United States.</marc:subfield>
          <marc:subfield code="b">Forest Service.</marc:subfield>
        </marc:datafield>
        <marc:datafield tag="999" ind1=" " ind2=" ">
          <marc:subfield code="m">04</marc:subfield>
          <marc:subfield code="y">2008</marc:subfield>
        </marc:datafield>
        <marc:datafield tag="999" ind1=" " ind2=" ">
          <marc:subfield code="a">200804-MARCIVE</marc:subfield>
        </marc:datafield>
        <marc:datafield tag="949" ind1=" " ind2=" ">
          <marc:subfield code="l">CarlMapCs</marc:subfield>
          <marc:subfield code="m">Map</marc:subfield>
        </marc:datafield>
        <marc:datafield tag="932" ind1=" " ind2=" ">
          <marc:subfield code="a">Cartographic material</marc:subfield>
          <marc:subfield code="5">NRU</marc:subfield>
        </marc:datafield>
        <marc:datafield tag="935" ind1=" " ind2=" ">
          <marc:subfield code="a">Monograph/Item</marc:subfield>
          <marc:subfield code="5">NRU</marc:subfield>
        </marc:datafield>
        <marc:datafield tag="931" ind1=" " ind2=" ">
          <marc:subfield code="a">Image</marc:subfield>
          <marc:subfield code="5">NRU</marc:subfield>
        </marc:datafield>
        <marc:datafield tag="933" ind1=" " ind2=" ">
          <marc:subfield code="a">Map</marc:subfield>
          <marc:subfield code="5">NRU</marc:subfield>
        </marc:datafield>
        <marc:datafield tag="934" ind1=" " ind2=" ">
          <marc:subfield code="a">Map</marc:subfield>
          <marc:subfield code="5">NRU</marc:subfield>
        </marc:datafield>
        <marc:datafield tag="941" ind1=" " ind2=" ">
          <marc:subfield code="a">eng</marc:subfield>
          <marc:subfield code="5">NRU</marc:subfield>
        </marc:datafield>
        <marc:datafield tag="943" ind1=" " ind2=" ">
          <marc:subfield code="a">English</marc:subfield>
          <marc:subfield code="5">NRU</marc:subfield>
        </marc:datafield>
        <marc:controlfield tag="003">NRU</marc:controlfield>
        <marc:datafield tag="035" ind1=" " ind2=" ">
          <marc:subfield code="a">(NRU)3810683</marc:subfield>
        </marc:datafield>
        <marc:datafield tag="240" ind1="0" ind2="0">
          <marc:subfield code="a">[Tonto National Forest and other adjacent Forest Service areas] :</marc:subfield>
        </marc:datafield>
        <marc:datafield tag="967" ind1=" " ind2="0">
          <marc:subfield code="a">Tonto National Forest (Ariz.)</marc:subfield>
          <marc:subfield code="5">NRU</marc:subfield>
        </marc:datafield>
        <marc:datafield tag="967" ind1=" " ind2="0">
          <marc:subfield code="a">Gila County (Ariz.)</marc:subfield>
          <marc:subfield code="5">NRU</marc:subfield>
        </marc:datafield>
        <marc:datafield tag="967" ind1=" " ind2="0">
          <marc:subfield code="a">Arizona</marc:subfield>
          <marc:subfield code="5">NRU</marc:subfield>
        </marc:datafield>
        <marc:datafield tag="969" ind1=" " ind2="0">
          <marc:subfield code="v">Maps.</marc:subfield>
          <marc:subfield code="5">NRU</marc:subfield>
        </marc:datafield>
        <marc:datafield tag="969" ind1=" " ind2="0">
          <marc:subfield code="v">Maps, Topographic.</marc:subfield>
          <marc:subfield code="5">NRU</marc:subfield>
        </marc:datafield>
        <marc:datafield tag="969" ind1=" " ind2="0">
          <marc:subfield code="v">Maps, Topographic.</marc:subfield>
          <marc:subfield code="5">NRU</marc:subfield>
        </marc:datafield>
      </marc:record>
    </metadata>
  </record>
</records>
